% Encoding: UTF-8

%%%
%
% Clean your file, use https://flamingtempura.github.io/bibtex-tidy/
%
% When creating the Bibtex file, we recommended to ensure that the DOI is listed.
%
%%%
@book{WSPA,
	title        = {Web Services Platform Architecture : SOAP, WSDL, WS-Policy, WS-Addressing, WS-BPEL, WS-Reliable Messaging, and More},
	author       = {Sanjiva Weerawarana and Francisco Curbera and Frank Leymann and Tony Storey and Donald F. Ferguson},
	year         = 2005,
	publisher    = {Prentice Hall PTR},
	doi          = {10.1.1/jpb001},
	isbn         = {0131488740}
}
@misc{ApacheODE,
	title        = {Apache ODE\texttrademark{} -- The Orchestration Director Engine},
	author       = {{The Apache Software Foundation}},
	year         = 2016,
	url          = {http://ode.apache.org},
	label        = {ASF}
}
@article{RVvdA2016,
	title        = {The effectiveness of workflow management systems: A longitudinal study},
	author       = {H.A. Reijers and I. Vanderfeesten and W.M.P. van der Aalst},
	year         = 2016,
	month        = feb,
	journal      = {International Journal of Information Management},
	publisher    = {Elsevier {BV}},
	volume       = 36,
	number       = 1,
	pages        = {126--141},
	doi          = {10.1016/j.ijinfomgt.2015.08.003}
}
@book{Duden2001,
	title        = {Die Deutsche Rechtschreibung},
	author       = {Duden},
	year         = 2001,
	publisher    = {Dudenverlag},
	isbn         = {3-411-04012-2},
	note         = {Aktualisierter Nachdruck},
	edition      = {22., v√∂llig neu bearbeitete und erweiterte Auflage}
}
@comment{jabref-meta: databaseType:biblatex;}
